<collection xmlns="http://www.loc.gov/MARC21/slim">
<record>
  <leader>01695nam0a22002891i 450 </leader>
  <controlfield tag="001">IT\ICCU\CNCE\044431</controlfield>
  <controlfield tag="005">19990119000000.0</controlfield>
  <datafield tag="012" ind1=" " ind2=" ">
    <subfield code="a">tir. 7372 roi, Chmi (3) 1567 (A)</subfield>
    <subfield code="2">fei</subfield>
  </datafield>
  <datafield tag="100" ind1=" " ind2=" ">
    <subfield code="a">19990114d1567        0itac0103    ba</subfield>
  </datafield>
  <datafield tag="101" ind1=" " ind2=" ">
    <subfield code="a">ITA</subfield>
  </datafield>
  <datafield tag="102" ind1=" " ind2=" ">
    <subfield code="a">IT</subfield>
  </datafield>
  <datafield tag="200" ind1="1" ind2=" ">
    <subfield code="a">℗Gli ℗vltimi quattro libri dell&apos;Historie d&apos;Italia di Messer Francesco Guiciardini gentilhuomo fiorentino. Nuouamente con somma diligentia ristampati, et corretti; con l&apos;aggiunta de&apos;Sommarij a ciascun libro, &amp; di molte annotationi in margine delle c</subfield>
  </datafield>
  <datafield tag="210" ind1=" " ind2=" ">
    <subfield code="a">In Parma</subfield>
    <subfield code="c">appresso Seth Viotti</subfield>
    <subfield code="d">1567</subfield>
  </datafield>
  <datafield tag="215" ind1=" " ind2=" ">
    <subfield code="a">\16!, 216 p.</subfield>
    <subfield code="d"></subfield>
  </datafield>
  <datafield tag="300" ind1=" " ind2=" ">
    <subfield code="a"></subfield>
  </datafield>
  <datafield tag="700" ind1=" " ind2="1">
    <subfield code="a">Guicciardini,</subfield>
    <subfield code="b">Francesco</subfield>
    <subfield code="3">IT\ICCU\CNCA\006362</subfield>
  </datafield>
  <datafield tag="702" ind1=" " ind2="1">
    <subfield code="a">Picedi,</subfield>
    <subfield code="b">Papirio</subfield>
    <subfield code="3">IT\ICCU\CNCA\005742</subfield>
  </datafield>
  <datafield tag="712" ind1="0" ind2="0">
    <subfield code="a">Viotti, Seth</subfield>
    <subfield code="3">IT\ICCU\CNCT\000228</subfield>
    <subfield code="4">650</subfield>
  </datafield>
  <datafield tag="790" ind1=" " ind2="1">
    <subfield code="a">Picedus,</subfield>
    <subfield code="b">Papirius</subfield>
    <subfield code="3">IT\ICCU\CNCA\021738</subfield>
    <subfield code="z">Picedi, Papirio</subfield>
  </datafield>
  <datafield tag="791" ind1="0" ind2="0">
    <subfield code="a">Viotto, Sette</subfield>
    <subfield code="3">IT\ICCU\CNCT\004169</subfield>
    <subfield code="z">Viotti, Seth</subfield>
  </datafield>
  <datafield tag="791" ind1="0" ind2="0">
    <subfield code="a">Viottus, Septimus</subfield>
    <subfield code="3">IT\ICCU\CNCT\004170</subfield>
    <subfield code="z">Viotti, Seth</subfield>
  </datafield>
  <datafield tag="791" ind1="0" ind2="0">
    <subfield code="a">Vioto, Seth</subfield>
    <subfield code="3">IT\ICCU\CNCT\005899</subfield>
    <subfield code="z">Viotti, Seth</subfield>
  </datafield>
  <datafield tag="791" ind1="0" ind2="0">
    <subfield code="a">Viottis, Seth de</subfield>
    <subfield code="3">IT\ICCU\CNCT\005900</subfield>
    <subfield code="z">Viotti, Seth</subfield>
  </datafield>
  <datafield tag="801" ind1=" " ind2="3">
    <subfield code="a">IT</subfield>
    <subfield code="b">ICCU</subfield>
    <subfield code="c">20201114</subfield>
  </datafield>
  <datafield tag="899" ind1=" " ind2=" ">
    <subfield code="a">Biblioteca nazionale centrale. Roma</subfield>
    <subfield code="1">RM0267</subfield>
    <subfield code="2">BVE CR</subfield>
  </datafield>
  <datafield tag="911" ind1=" " ind2=" ">
    <subfield code="a">Sul front.</subfield>
    <subfield code="9">IT\ICCU\CNCM\000171</subfield>
  </datafield>
  <datafield tag="921" ind1=" " ind2=" ">
    <subfield code="a">IT\ICCU\CNCM\000171</subfield>
    <subfield code="b">Liocorno che immerge il corno in un corso d&apos;acqua. In cornice figurata</subfield>
    <subfield code="e">Virtus securitatem parit.</subfield>
    <subfield code="c">A16</subfield>
    <subfield code="c">Z810</subfield>
    <subfield code="d">Dimensioni: 6,5 x 6,7</subfield>
    <subfield code="f">UNICORNO</subfield>
    <subfield code="f">VIRTUSSECU</subfield>
    <subfield code="g">1556-1595</subfield>
  </datafield>
</record>
</collection>
